@electronic{qt,
	added-at = {2012-04-05T10:52:23.000+0200},
	author = {{Nokia Corp.}},
	biburl = {https://www.bibsonomy.org/bibtex/29ce14ddb7637559f2d5a956fba83bd38/maxirichter},
	interhash = {9ac32451af373b51cf4e671247b6b4fd},
	intrahash = {9ce14ddb7637559f2d5a956fba83bd38},
	keywords = {gui prio:2 qt richterm_ma ui},
	timestamp = {2012-04-05T10:52:51.000+0200},
	title = {Qt : cross-platform application and UI framework},
	url = {http://qt.nokia.com/},
	year = 2012
}



ROS Wiki: ROS Concepts. [internet]. Last edited:
2014 Jun [cited 2016 Apr 11]. Available from:
http://wiki.ros.org/ROS/Concepts
@conference{288,
	added-at = {2012-04-26T10:09:53.000+0200},
	attachments = {http://www.willowgarage.com/sites/default/files/icraoss09-ROS.pdf},
	author = {Quigley, Morgan and Conley, Ken and Gerkey, Brian P. and Faust, Josh and Foote, Tully and Leibs, Jeremy and Wheeler, Rob and Ng, Andrew Y.},
	biburl = {https://www.bibsonomy.org/bibtex/2281f400bf541a0022e41ace75d9156ea/markusjordan88},
	booktitle = {ICRA Workshop on Open Source Software},
	interhash = {798c35d25081ba9e72118e983fe27639},
	intrahash = {281f400bf541a0022e41ace75d9156ea},
	keywords = {middleware open robot ros source},
	timestamp = {2012-09-04T12:15:20.000+0200},
	title = {ROS: an open-source Robot Operating System},
	year = 2009
}



% 16844449 
@Article{pmid16844449,
	Author="Wagner, A. A.  and Varkarakis, I. M.  and Link, R. E.  and Sullivan, W.  and Su, L. M. ",
	Title="{{C}omparison of surgical performance during laparoscopic radical prostatectomy of two robotic camera holders, {E}ndo{A}ssist and {A}{E}{S}{O}{P}: a pilot study}",
	Journal="Urology",
	Year="2006",
	Volume="68",
	Number="1",
	Pages="70--74",
	Month="Jul"
}

% 17867952 
@Article{pmid17867952,
	Author="Long, J. A.  and Cinquin, P.  and Troccaz, J.  and Voros, S.  and Berkelman, P.  and Descotes, J. L.  and Letoublon, C.  and Rambeaud, J. J. ",
	Title="{{D}evelopment of miniaturized light endoscope-holder robot for laparoscopic surgery}",
	Journal="J. Endourol.",
	Year="2007",
	Volume="21",
	Number="8",
	Pages="911--914",
	Month="Aug"
}

% 25484949 
@Article{pmid25484949,
	Author="Kommu, S. S.  and Rimington, P.  and Anderson, C.  and Rane, A. ",
	Title="{{I}nitial experience with the {E}ndo{A}ssist camera-holding robot in laparoscopic urological surgery}",
	Journal="J Robot Surg",
	Year="2007",
	Volume="1",
	Number="2",
	Pages="133--137"
}

% 28643066 
@Article{pmid28643066,
	Author="Liu, S.  and Hemming, D.  and Luo, R. B.  and Reynolds, J.  and Delong, J. C.  and Sandler, B. J.  and Jacobsen, G. R.  and Horgan, S. ",
	Title="{{S}olving the surgeon ergonomic crisis with surgical exosuit}",
	Journal="Surg Endosc",
	Year="2018",
	Volume="32",
	Number="1",
	Pages="236--244",
	Month="Jan"
}

% 26713285 
@Article{pmid26713285,
	Author="Buia, A.  and Stockhausen, F.  and Hanisch, E. ",
	Title="{{L}aparoscopic surgery: {A} qualified systematic review}",
	Journal="World J Methodol",
	Year="2015",
	Volume="5",
	Number="4",
	Pages="238--254",
	Month="Dec"
}

@article{doi:10.3109/10929088.2010.541620,
	author = {Iqbal Singh},
	title = {Robotics in urological surgery: Review of current status and maneuverability, and comparison of robot-assisted and traditional laparoscopy},
	journal = {Computer Aided Surgery},
	volume = {16},
	number = {1},
	pages = {38-45},
	year  = {2011},
	publisher = {Taylor & Francis},
	doi = {10.3109/10929088.2010.541620},
	note ={PMID: 21198426},
	
	URL = { 
	https://doi.org/10.3109/10929088.2010.541620
	
	},
	eprint = { 
	https://doi.org/10.3109/10929088.2010.541620
	
	}
	
}

@misc{coruja,
 	author = {},
 	title = {Coruja 0.2},
 	howpublished = {\url{http://www.laps.ufpa.br/falabrasil/downloads.php}},
 	year = {},
 	note = {[Online; accessed in 2016]}
}

@misc{ falabrasil,
	author = {FalaBrasil},
	title = {},
	howpublished = {\url{www.laps.ufpa.br/falabrasil}},
	year = {},
	note = {[Online; accessed in 2016]}
}
  
@misc{julius,
	author = {Julius},
	title = {},
	howpublished = {\url{http://julius.osdn.jp/en_index.php}},
	year = {},
	note = {[Online; accessed in 2016]}
}
  
@misc{HTK,
	author = {},
	title = {Hidden Markov Model Toolkit (HTK)},
	howpublished = {\url{http://htk.eng.cam.ac.uk}},
	year = {},
	note = {[Online; accessed in 2016]}
}

@misc{ voxforge,
	author = {VoxForge},
	title = {},
	howpublished = {\url{http://www.voxforge.org}},
	year = {},
	note = {[Online; accessed in 2016]}
}

@misc{ voxforgetutorial,
	author = {voxforge_script},
	title = {Script to create acoustic model for the Julius Decoder using the HTK toolkit.},
	howpublished = {\url{https://github.com/Dayof/voxforge_script}},
	year = {},
	note = {[Online; accessed in 2016]}
}

@InCollection{artigocoruja,
	author = 	 {Nelson Neto and Carlos Silva and Pedro Batista and Aldebaro Klautau},
	title = 	 {Um Reconhecedor de Voz Livre para Português Brasileiro com Interface de Programação},
	booktitle = 	 {},
	pages = 	 {},
	publisher =    {Universidade Federal do Pará (UFPA) Laboratório de Processamento de Sinais (LaPS)},
	year = 	 {2010},
	editor = 	 {}
}

@misc{boost_library,
	author = {Bibliotecas_Boost},
	title = {},
	howpublished = {\url{http://www.boost.org/}},
	year = {},
	note = {[Online; accessed in 2016]}
}

@article{opencvlibrary,
    author = {Bibliotecas OpenCV},
    citeulike-article-id = {2236121},
    journal = {Dr. Dobb's Journal of Software Tools},
    keywords = {bibtex-import},
    posted-at = {2008-01-15 19:21:54},
    priority = {4},
    title = ,
    year = {2000}
}

